@article{einstein,
    author =       "Albert Einstein",
    title =        "{Zur Elektrodynamik bewegter K{\"o}rper}. ({German})
    [{On} the electrodynamics of moving bodies]",
    journal =      "Annalen der Physik",
    volume =       "322",
    number =       "10",
    pages =        "891--921",
    year =         "1905",
    DOI =          "http://dx.doi.org/10.1002/andp.19053221004",
}

@book{dirac,
    title={The Principles of Quantum Mechanics},
    author={Paul Adrien Maurice Dirac},
    series={International series of monographs on physics},
    year={1981},
    publisher={Clarendon Press},
    keywords = {physics}
}

@online{Nature2017,
    editor = {Philip Campbell},
    publisher={Macmillan Publishers Ltd.},
    title = {Nature},
    location={Great Britain},
    url = {https://www.nature.com/nature/},
    urldate = {2018-12-02},
} 

@book{knuth-fa,
    author = "Donald E. Knuth",
    title = "Fundamental Algorithms",
    publisher = "Addison-Wesley",
    year = "1973",
}

@article{R20,
    author =       "R. Sivaraman",
    title =        "Exploring Metallic Ratios, Mathematics and Statistics, Horizon Research Publication",
    journal =      "Scopus Index Journal",
    volume =       "8",
    pages =        "388--391",
    year =         "2020",
}

@book{ARE08,
	author = "Raymond A. Barnett and Michael R. Ziegler and Karl E. Byleen",
	title = "College Algebra with Trigonometry",
	publisher = "McGraw--Hill, a business unit of The McGraw--Hill Companies, Inc",
	year = "2008",
	pages = "9--15",
}

@book{EP95,
	author = "Roland E. Larson and Robert P. Hostetler",
	title = "College Algebra",
	publisher = "D.C. Heath and Company",
	year = "1995",
	pages = "32",
}

@book{EP95,
	author = "Roland E. Larson and Robert P. Hostetler",
	title = "College Algebra",
	publisher = "D.C. Heath and Company",
	year = "1995",
	pages = "10--32",
}

@book{MIDC14,
    author = "Margaret Lial and John Hornsby and David I. Schneider and Callie Daniels",
    title = "College Algebra and Trigonometry",
    publisher = "Pearson Education Limited",
    year = "2014",
    pages = "12",
}

@book{DC95,
    author = "Roland E. Larson and Robert P. Hostetler",
    title = "college algebra",
    publisher = "D.C. Health and Company.",
    year = "1995",
    pages = "3",
}
@book{C10,
    author = "Kenneth H. Rosen",
    title = "Discrete Mathematics and Its Applications",
    publisher = "by McGraw-Hill, a business unit of The McGraw-Hill Companies, Inc.,",
    year = "2012",
    pages = "334",
}